<record><leader>01976nam a2200505oi 4500</leader><controlfield tag="001">6773634</controlfield><controlfield tag="003">CaONFJC</controlfield><controlfield tag="005">20141024101304.0</controlfield><controlfield tag="006">m        d        </controlfield><controlfield tag="007">cr||n|||||||||</controlfield><controlfield tag="008">140311s2015    nyu     ob    001 0 eng d</controlfield><datafield ind1=" " ind2=" " tag="020"><subfield code="a">9781138791787 (hbk)</subfield></datafield><datafield ind1=" " ind2=" " tag="020"><subfield code="a">1138791784 (hbk)</subfield></datafield><datafield ind1=" " ind2=" " tag="020"><subfield code="a">9781315762579 (ebk)</subfield></datafield><datafield ind1=" " ind2=" " tag="020"><subfield code="a">9781306972628 (MyiLibrary)</subfield></datafield><datafield ind1=" " ind2=" " tag="037"><subfield code="a">628513</subfield><subfield code="b">MIL</subfield></datafield><datafield ind1=" " ind2=" " tag="039"><subfield code="a">exclude</subfield></datafield><datafield ind1=" " ind2=" " tag="040"><subfield code="a">CaONFJC</subfield><subfield code="c">CaONFJC</subfield><subfield code="e">rda</subfield><subfield code="d">AEU</subfield></datafield><datafield ind1="0" ind2="4" tag="050"><subfield code="a">RA643.8</subfield><subfield code="b">.S34 2015eb</subfield></datafield><datafield ind1="0" ind2="0" tag="060"><subfield code="a">2014 K-267</subfield></datafield><datafield ind1="1" ind2="0" tag="060"><subfield code="a">WC 503</subfield></datafield><datafield ind1="0" ind2="4" tag="082"><subfield code="a">362.19697/92</subfield><subfield code="2">23</subfield></datafield><datafield ind1=" " ind2=" " tag="090"><subfield code="a">Internet Access</subfield><subfield code="b">AEGMCT</subfield></datafield><datafield ind1=" " ind2=" " tag="091"><subfield code="a">DO NOT ADD TO THIS RECORD - PSA PROJECT</subfield></datafield><datafield ind1="1" ind2=" " tag="100"><subfield code="a">Scheid, Teresa L.,</subfield><subfield code="e">author.</subfield></datafield><datafield ind1="1" ind2="0" tag="245"><subfield code="a">Comprehensive care for HIV/AIDS :</subfield><subfield code="b">community-based strategies /</subfield><subfield code="c">Teresa L. Scheid.</subfield></datafield><datafield ind1=" " ind2="1" tag="264"><subfield code="a">New York, NY ;</subfield><subfield code="a">Abingdon, Oxon :</subfield><subfield code="b">Routledge,</subfield><subfield code="c">2015.</subfield></datafield><datafield ind1=" " ind2=" " tag="300"><subfield code="a">1 online resource (xii, 126 pages)</subfield></datafield><datafield ind1=" " ind2=" " tag="336"><subfield code="a">text</subfield><subfield code="b">txt</subfield><subfield code="2">rdacontent</subfield></datafield><datafield ind1=" " ind2=" " tag="337"><subfield code="a">computer</subfield><subfield code="b">c</subfield><subfield code="2">rdamedia</subfield></datafield><datafield ind1=" " ind2=" " tag="338"><subfield code="a">online resource</subfield><subfield code="b">cr</subfield><subfield code="2">rdacarrier</subfield></datafield><datafield ind1="1" ind2=" " tag="490"><subfield code="a">Routledge studies in health and social welfare ;</subfield><subfield code="v">12</subfield></datafield><datafield ind1=" " ind2=" " tag="504"><subfield code="a">Includes bibliographical references and index.</subfield></datafield><datafield ind1=" " ind2=" " tag="506"><subfield code="a">Access restricted to authorized users and institutions.</subfield></datafield><datafield ind1=" " ind2=" " tag="588"><subfield code="a">Description based on print version record.</subfield></datafield><datafield ind1=" " ind2=" " tag="596"><subfield code="a">57</subfield></datafield><datafield ind1=" " ind2="0" tag="650"><subfield code="a">AIDS (Disease)</subfield></datafield><datafield ind1="1" ind2="2" tag="650"><subfield code="a">Community Health Services</subfield><subfield code="x">organization &amp; administration.</subfield></datafield><datafield ind1="1" ind2="2" tag="650"><subfield code="a">HIV Infections.</subfield></datafield><datafield ind1="2" ind2="2" tag="650"><subfield code="a">Comprehensive Health Care</subfield><subfield code="x">organization &amp; administration.</subfield></datafield><datafield ind1="2" ind2="2" tag="650"><subfield code="a">Continuity of Patient Care</subfield><subfield code="x">organization &amp; administration.</subfield></datafield><datafield ind1=" " ind2="0" tag="830"><subfield code="a">Routledge studies in health and social welfare ;</subfield><subfield code="v">12.</subfield></datafield><datafield ind1="4" ind2="0" tag="856"><subfield code="3">MacEwan University Access</subfield><subfield code="u">http://lib.myilibrary.com/detail.asp?ID=628513</subfield><subfield code="z">(Single User Access)</subfield></datafield><datafield ind1=" " ind2=" " tag="949"><subfield code="w">ORDER</subfield><subfield code="h">UAIN</subfield><subfield code="m">GR_MAC_INT</subfield><subfield code="z">MILGMPSA</subfield></datafield><datafield ind1=" " ind2=" " tag="926"><subfield code="a">Internet Access</subfield><subfield code="w">ORDER</subfield><subfield code="c">1</subfield><subfield code="i">6773634-1001</subfield><subfield code="l">INTERNET</subfield><subfield code="m">GR_MAC_INT</subfield><subfield code="r">Y</subfield><subfield code="s">Y</subfield><subfield code="t">E-RESOURCE</subfield><subfield code="u">1/12/2015</subfield><subfield code="x">E-BOOK</subfield><subfield code="z">MILGMPSA</subfield></datafield></record>